@article{L1-algo,
	title={基于{L}1范数稀疏距离测度学习的单分类算法},
	author={胡正平，路亮，许成谦},
	journal={电子学报},
	year={2012},
	month={1},
	page={134--140}
}

@article{SVM-research,
	title={基于核的单类分类器研究},
	author={冯爱民，陈松灿},
	journal={南京师范大学学报(工程技术版)},
	year={2008},
	month={12},
	page={1--6}
}

@article{independent-research,
	title={孤立点一类支持向量机算法研究},
	author={田江，顾宏},
	journal={电子与信息学报},
	year={2010},
	month={6},
	page={1284--1288}
}

@article{SVM_Learning,
	title={{L}earning the {K}ernel in {M}ahalanobis {O}ne-{C}lass {S}upport {V}ector {M}achines},
	author={Ivor W. Tsang and James T. Kwok and Shutao Li},
	journal={International Joint Conference on Neural Networks},
	year={2006},
	page={1169--1175}
}

@misc{SVM-boostring,
	title = {{SVM} and {B}oosting: {O}ne {C}lass},
	author={R\"{a}tsch, Gunnar and Sch\"{o}kopf, Bernhard and Mika, Sebastian and M\"{u}ller, Klaus R.},
	year={2000},
	month={4}
}

